<?xml version="1.0" encoding="UTF-8"?><collection xmlns="http://www.loc.gov/MARC21/slim"><record><leader>00482nam--2200181-i-4500</leader><controlfield tag="001">000041795</controlfield><controlfield tag="002">20161230</controlfield><controlfield tag="005">20161230201043</controlfield><controlfield tag="008">060222s1000------------r-----000-0-eng-d</controlfield><datafield ind1=" " ind2=" " tag="040"><subfield code="a">IFIN-HH</subfield></datafield><datafield ind1=" " ind2=" " tag="080"><subfield code="a">530.12</subfield></datafield><datafield ind1="1" ind2=" " tag="100"><subfield code="a">Skinner,Ray</subfield></datafield><datafield ind1="1" ind2="0" tag="245"><subfield code="a">Relativity</subfield><subfield code="c">Ray skinner</subfield></datafield><datafield ind1=" " ind2=" " tag="260"><subfield code="a">Waltham, Mass</subfield><subfield code="b">Blaisdell Publ.Comp</subfield><subfield code="c">1969</subfield></datafield><datafield ind1=" " ind2=" " tag="300"><subfield code="a">XII + 340 P</subfield></datafield><datafield ind1=" " ind2=" " tag="490"><subfield code="a">A Blaisdell Book In The Pure And Applied Science</subfield></datafield><datafield ind1=" " ind2=" " tag="852"><subfield code="a">37494</subfield><subfield code="c">530.12</subfield></datafield><datafield ind1=" " ind2=" " tag="CAT"><subfield code="a">Sys</subfield><subfield code="c">20160209</subfield><subfield code="h">143027</subfield></datafield></record></collection>